@INPROCEEDINGS
{
    8494695,  
    author={Mirheydari, Mohammad and Zavarsky, Pavol and Butakov, Sergey},  
    booktitle={2018 29th Biennial Symposium on Communications (BSC)},   
    title={Single Packet Authorization in a Multi-Layered Security Architecture},   
    year={2018},  
    volume={}, 
    number={},  
    pages={1-5},  
    doi={10.1109/BSC.2018.8494695}
}

@INPROCEEDINGS
{
    7796146,  
    author={DeCusatis, Casimer and Liengtiraphan, Piradon and Sager, Anthony and Pinelli, Mark},  
    booktitle={2016 IEEE International Conference on Smart Cloud (SmartCloud)},   
    title={Implementing Zero Trust Cloud Networks with Transport Access Control and First Packet Authentication},   
    year={2016}, 
    volume={},  
    number={}, 
    pages={5-10}, 
    doi={10.1109/SmartCloud.2016.22}
}

@INPROCEEDINGS
{
    8249053, 
    author={Eidle, Dayna and Ni, Si Ya and DeCusatis, Casimer and Sager, Anthony}, 
    booktitle={2017 IEEE 8th Annual Ubiquitous Computing, Electronics and Mobile Communication Conference (UEMCON)}, 
    title={Autonomic security for zero trust networks}, 
    year={2017}, 
    volume={}, 
    number={}, 
    pages={288-293}, 
    doi={10.1109/UEMCON.2017.8249053}
}

@INPROCEEDINGS
{
    jeanquier,
    author={Sebastien Jeanquier},
    title={An Analysis of Port Knocking and Single Packet Authorization},
    year={2006}
}

@misc
{
    modins,
    author = {Kargl, Frank and Schug, Elmar},
    howpublished = {Instiute of Distributed Systems, Ulm University},
    title = {Security in IT-Systems: Chapter 3 â€“ Identification and Authentication},
    year = {2021}
    
}

@online
{
    blackridge,
    author={Blackridge Technology},
    title={Transport Access Control: Overview},
    year={2000},
    url={https://www.blackridge.us/images/site/page-content/BlackRidge_TAC_Overview.pdf}
}

@online
{
    kernel, 
    author={Justin Ellingwood},
    title={How To Configure Port Knocking Using Only Iptables on an Ubuntu VPS},
    year={2014},
    url={https://www.digitalocean.com/community/tutorials/how-to-configure-port-knocking-using-only-iptables-on-an-ubuntu-vps}
}

@online
{
    pkissues,
    author={Ben Maddock},
    title={Port Knocking: An Overview of Concepts, Issues and Implementations},
    year={2004},
    url={https://www.giac.org/paper/gsec/4122/port-knocking-overview-concepts-issues-implementations/106545}
}

@online
{
    sushant,
    author={Gitbooks},
    title={Total OSCP Guide, Port knocking},
    year={year unknown},
    url={https://sushant747.gitbooks.io/total-oscp-guide/content/port_knocking.html}
}

@online
{
    portwiki,
    author={Various Authors},
    title={Port knocking},
    year={year unknown},
    url={https://en.wikipedia.org/wiki/Port_knocking}
}

@online
{
    spawiki,
    author={Michael Rash},
    title={Single Packet Authorization with Fwknop},
    year={2005},
    url={https://www.cipherdyne.org/fwknop/docs/SPA.html}
}

@online
{
    networkinsight,
    author={Matt Conran},
    title={Zero Trust: Single Packet Authorization | Passive Authroization},
    year={2019},
    url=https://network-insight.net/2019/06/zero-trust-single-packet-authorization-passive-authorization/}
}

@online
{
    spaimage,
    author={Michael Rash},
    title={fwknoptutorialnetworkdiagram.png},
    year={2001},
    url={https://www.cipherdyne.org/fwknop/}
}
